@inproceedings{buse2010automatically,
  title={Automatically documenting program changes.},
  author={Buse, Raymond PL and Weimer, Westley},
  booktitle={ASE},
  volume={10},
  pages={33--42},
  year={2010}
}


@inproceedings{cortes2014automatically,
  title={On automatically generating commit messages via summarization of source code changes},
  author={Cort{\'e}s-Coy, Luis Fernando and Linares-V{\'a}squez, Mario and Aponte, Jairo and Poshyvanyk, Denys},
  booktitle={2014 IEEE 14th International Working Conference on Source Code Analysis and Manipulation},
  pages={275--284},
  year={2014},
  organization={IEEE}
}


@inproceedings{huang2017mining,
  title={Mining version control system for automatically generating commit comment},
  author={Huang, Yuan and Zheng, Qiaoyang and Chen, Xiangping and Xiong, Yingfei and Liu, Zhiyong and Luo, Xiaonan},
  booktitle={Proceedings of the 11th ACM/IEEE International Symposium on Empirical Software Engineering and Measurement},
  pages={414--423},
  year={2017},
  organization={IEEE Press}
}
@inproceedings{liu2018neural,
  title={Neural-machine-translation-based commit message generation: how far are we?},
  author={Liu, Zhongxin and Xia, Xin and Hassan, Ahmed E and Lo, David and Xing, Zhenchang and Wang, Xinyu},
  booktitle={Proceedings of the 33rd ACM/IEEE International Conference on Automated Software Engineering},
  pages={373--384},
  year={2018},
  organization={ACM}
}


@inproceedings{jiang2017automatically,
  title={Automatically generating commit messages from diffs using neural machine translation},
  author={Jiang, Siyuan and Armaly, Ameer and McMillan, Collin},
  booktitle={Proceedings of the 32nd IEEE/ACM International Conference on Automated Software Engineering},
  pages={135--146},
  year={2017},
  organization={IEEE Press}
}
@incollection{NIPS2014_5346,
author = {Sutskever, Ilya and Vinyals, Oriol and Le, Quoc V},
booktitle = {Advances in Neural Information Processing Systems 27},
editor = {Ghahramani, Z and Welling, M and Cortes, C and Lawrence, N D and Weinberger, K Q},
pages = {3104--3112},
publisher = {Curran Associates, Inc.},
title = {{Sequence to Sequence Learning with Neural Networks}},
url = {http://papers.nips.cc/paper/5346-sequence-to-sequence-learning-with-neural-networks.pdf},
year = {2014}
}
@article{bahdanau2014neural,
  title={Neural machine translation by jointly learning to align and translate},
  author={Bahdanau, Dzmitry and Cho, Kyunghyun and Bengio, Yoshua},
  journal={arXiv preprint arXiv:1409.0473},
  year={2014}
}
@inproceedings{wei2017supervised,
  title={Supervised Deep Features for Software Functional Clone Detection by Exploiting Lexical and Syntactical Information in Source Code.},
  author={Wei, Huihui and Li, Ming},
  booktitle={IJCAI},
  pages={3034--3040},
  year={2017}
}
@article{eriguchi2016tree,
  title={Tree-to-sequence attentional neural machine translation},
  author={Eriguchi, Akiko and Hashimoto, Kazuma and Tsuruoka, Yoshimasa},
  journal={arXiv preprint arXiv:1603.06075},
  year={2016}
}
@inproceedings{papineni2002bleu,
  title={BLEU: a method for automatic evaluation of machine translation},
  author={Papineni, Kishore and Roukos, Salim and Ward, Todd and Zhu, Wei-Jing},
  booktitle={Proceedings of the 40th annual meeting on association for computational linguistics},
  pages={311--318},
  year={2002},
  organization={Association for Computational Linguistics}
}
@inproceedings{banerjee2005meteor,
  title={METEOR: An automatic metric for MT evaluation with improved correlation with human judgments},
  author={Banerjee, Satanjeev and Lavie, Alon},
  booktitle={Proceedings of the acl workshop on intrinsic and extrinsic evaluation measures for machine translation and/or summarization},
  pages={65--72},
  year={2005}
}
@inproceedings{lin2004looking,
  title={Looking for a few good metrics: ROUGE and its evaluation},
  author={Lin, Chin-Yew and Och, FJ},
  booktitle={Ntcir Workshop},
  year={2004}
}
@inproceedings{wan2018improving,
  title={Improving automatic source code summarization via deep reinforcement learning},
  author={Wan, Yao and Zhao, Zhou and Yang, Min and Xu, Guandong and Ying, Haochao and Wu, Jian and Yu, Philip S},
  booktitle={Proceedings of the 33rd ACM/IEEE International Conference on Automated Software Engineering},
  pages={397--407},
  year={2018}
}